<record><leader>00000cas a22000007a 4500</leader><controlfield tag="001">16015579</controlfield><controlfield tag="008">870622d18uu1917txuwr ne      0    0eng d</controlfield><datafield ind1=" " ind2=" " tag="010"><subfield code="a">sn 87090384 </subfield></datafield><datafield ind1=" " ind2=" " tag="040"><subfield code="a">PPM</subfield><subfield code="b">eng</subfield><subfield code="c">PPM</subfield><subfield code="d">OCLCQ</subfield></datafield><datafield ind1=" " ind2=" " tag="042"><subfield code="a">msc</subfield></datafield><datafield ind1="0" ind2="4" tag="245"><subfield code="a">The Kimble County citizen.</subfield></datafield><datafield ind1=" " ind2=" " tag="260"><subfield code="a">Junction City, Tex. :</subfield><subfield code="b">H.L. Winslett</subfield></datafield><datafield ind1=" " ind2=" " tag="310"><subfield code="a">Weekly</subfield></datafield><datafield ind1="1" ind2=" " tag="362"><subfield code="a">Ceased in 1917.</subfield></datafield><datafield ind1=" " ind2=" " tag="588"><subfield code="a">Description based on: Vol. 4, no. 44 (Feb. 13, 1897).</subfield></datafield><datafield ind1=" " ind2=" " tag="752"><subfield code="a">United States</subfield><subfield code="b">Texas</subfield><subfield code="c">Kimble</subfield><subfield code="d">Junction City.</subfield></datafield><datafield ind1="0" ind2="7" tag="785"><subfield code="t">Junction light</subfield></datafield><datafield ind1="0" ind2="7" tag="785"><subfield code="t">Junction citizen-light</subfield><subfield code="w">(DLC)sn 88083305</subfield></datafield></record>